@article{bib:speakerRecognition,
  title={Speaker Recognition The A TVS-UAM System at NIST SRE 05},
  author={Gonzalez-Rodriguez, J. and Ramos-Castro, D. and Torre Toledano, D. and others},
  journal={Aerospace and Electronic Systems Magazine, IEEE},
  volume={22},
  number={1},
  pages={15--21},
  year={2007},
  publisher={IEEE}
}

@manual{bib:svmfaq,
  address = "http://www.csie.ntu.edu.tw/~cjlin/libsvm/faq.html",
  title = "LIBSVM FAQ",
  year = 2012
}

@manual{bib:comirva,
	author="CoMIRVA",
  address = "http://www.cp.jku.at/people/schedl/Research/Development/CoMIRVA/webpage/CoMIRVA.html",
  title = "Collection of Music Information Retrieval and Visualization Applications",
  year = 2010
}

@book{bib:neuralGas,
  title={A" neural-gas" network learns topologies},
  author={Martinetz, T. and Schulten, K. and others},
  year={1991},
  publisher={University of Illinois at Urbana-Champaign}
}

@book{bib:svmA,
  title={Learning with kernels},
  year={2002},
  author={Sch{\"o}lkopf, B. and Smola, A.},
  publisher={MIT Press, Cambridge, MA}
}

@article{bib:svmB,
  title={A comparison of methods for multiclass support vector machines},
  author={Hsu, C.W. and Lin, C.J.},
  journal={Neural Networks, IEEE Transactions on},
  volume={13},
  number={2},
  pages={415--425},
  year={2002},
  publisher={IEEE}
}
